<record><leader>00000cas a22000007a 4500</leader><controlfield tag="001">10279639</controlfield><controlfield tag="008">840109d1865187utxuwr ne      0    0eng d</controlfield><datafield ind1=" " ind2=" " tag="010"><subfield code="a">sn 84022088 </subfield></datafield><datafield ind1=" " ind2=" " tag="040"><subfield code="a">NPX</subfield><subfield code="b">eng</subfield><subfield code="c">NPX</subfield><subfield code="d">NPU</subfield><subfield code="d">DLC</subfield><subfield code="d">PPM</subfield><subfield code="d">ANU</subfield><subfield code="d">OCLCQ</subfield><subfield code="d">OCLCF</subfield><subfield code="d">OCLCO</subfield></datafield><datafield ind1="1" ind2=" " tag="029"><subfield code="a">AU@</subfield><subfield code="b">000024693109</subfield></datafield><datafield ind1=" " ind2=" " tag="042"><subfield code="a">msc</subfield></datafield><datafield ind1=" " ind2=" " tag="043"><subfield code="a">n-us-tx</subfield></datafield><datafield ind1="0" ind2="0" tag="050"><subfield code="a">Newspaper</subfield></datafield><datafield ind1="0" ind2=" " tag="130"><subfield code="a">San Antonio express (San Antonio, Tex. : Weekly)</subfield></datafield><datafield ind1="0" ind2="4" tag="245"><subfield code="a">The San Antonio express.</subfield></datafield><datafield ind1="1" ind2="3" tag="246"><subfield code="a">Weekly express</subfield></datafield><datafield ind1=" " ind2=" " tag="260"><subfield code="a">San Antonio, Tex. :</subfield><subfield code="b">Siemering &amp; Pollmar,</subfield><subfield code="c">1865-</subfield></datafield><datafield ind1=" " ind2=" " tag="300"><subfield code="a">v. :</subfield><subfield code="b">ill. ;</subfield><subfield code="c">55 cm.</subfield></datafield><datafield ind1=" " ind2=" " tag="310"><subfield code="a">Weekly</subfield></datafield><datafield ind1="0" ind2=" " tag="362"><subfield code="a">Vol. 1, no. 1 (Sept. 27, 1865)-</subfield></datafield><datafield ind1=" " ind2=" " tag="530"><subfield code="a">Also available on microfilm from Microfilm Center, Inc.</subfield></datafield><datafield ind1=" " ind2=" " tag="580"><subfield code="a">Also published in daily eds. called: Daily San Antonio express; San Antonio express; Daily San Antonio express (San Antonio, Tex. : 1869); San Antonio daily express; Daily express (San Antonio, Tex.); San Antonio daily express (San Antonio, Tex. : 1871); San Antonio express (San Antonio, Tex. : 1875).</subfield></datafield><datafield ind1=" " ind2="0" tag="651"><subfield code="a">San Antonio (Tex.)</subfield><subfield code="v">Newspapers.</subfield></datafield><datafield ind1=" " ind2="7" tag="655"><subfield code="a">Newspapers.</subfield><subfield code="2">fast</subfield><subfield code="0">(OCoLC)fst01423814</subfield></datafield><datafield ind1=" " ind2="7" tag="651"><subfield code="a">Texas</subfield><subfield code="z">San Antonio.</subfield><subfield code="2">fast</subfield><subfield code="0">(OCoLC)fst01205169</subfield></datafield><datafield ind1=" " ind2=" " tag="752"><subfield code="a">United States</subfield><subfield code="b">Texas</subfield><subfield code="c">Bexar</subfield><subfield code="d">San Antonio.</subfield></datafield><datafield ind1="1" ind2=" " tag="775"><subfield code="t">Daily San Antonio express</subfield><subfield code="w">(DLC)sn 86071246</subfield></datafield><datafield ind1="1" ind2=" " tag="775"><subfield code="t">San Antonio express</subfield><subfield code="w">(DLC)sn 86071247</subfield></datafield><datafield ind1="1" ind2=" " tag="775"><subfield code="t">Daily San Antonio express (San Antonio, Tex. : 1869)</subfield><subfield code="w">(DLC)sn 86071248</subfield></datafield><datafield ind1="1" ind2=" " tag="775"><subfield code="t">San Antonio daily express</subfield><subfield code="w">(DLC)sn 86071249</subfield></datafield><datafield ind1="1" ind2=" " tag="775"><subfield code="t">Daily Express (San Antonio, Tex.)</subfield><subfield code="w">(DLC)sn 84022305</subfield></datafield><datafield ind1="1" ind2=" " tag="775"><subfield code="t">San Antonio daily express (San Antonio, Tex. : 1871)</subfield><subfield code="w">(DLC)sn 84024141</subfield></datafield><datafield ind1="1" ind2=" " tag="775"><subfield code="t">San Antonio express (San Antonio, Tex. : 1875)</subfield><subfield code="w">(DLC)sn 86071250</subfield></datafield><datafield ind1="0" ind2="0" tag="785"><subfield code="t">San Antonio weekly express</subfield><subfield code="w">(DLC)sn 86071470</subfield></datafield></record>